<?xml version="1.0" encoding="UTF-8"?><collection xmlns="http://www.loc.gov/MARC21/slim"><record><leader>00562nam--2200181-i-4500</leader><controlfield tag="001">000014251</controlfield><controlfield tag="002">20161230</controlfield><controlfield tag="005">20170123234226</controlfield><controlfield tag="008">060222s1000------------r-----000-0-eng-d</controlfield><datafield ind1=" " ind2=" " tag="040"><subfield code="a">IFIN-HH</subfield></datafield><datafield ind1=" " ind2=" " tag="080"><subfield code="a">539.12(061.3)</subfield></datafield><datafield ind1="1" ind2=" " tag="100"><subfield code="a">Ajduk, Z</subfield></datafield><datafield ind1="1" ind2="0" tag="245"><subfield code="a">Proceedings of the iv warsaw symposium on elementary particle physics, Kazimierz, Poland, 24-31 May 1981</subfield><subfield code="c">Z. Ajduk, K. Doroba (eds.)</subfield></datafield><datafield ind1=" " ind2=" " tag="260"><subfield code="a">Warszawa</subfield><subfield code="b">Institute Of Theoretical Physics</subfield><subfield code="c">1981</subfield></datafield><datafield ind1=" " ind2=" " tag="300"><subfield code="a">524 p</subfield></datafield><datafield ind1=" " ind2=" " tag="700"><subfield code="a">Doroba, K</subfield><subfield code="e">Ed</subfield></datafield><datafield ind1=" " ind2=" " tag="852"><subfield code="a">70471</subfield><subfield code="c">539.12</subfield></datafield><datafield ind1=" " ind2=" " tag="CAT"><subfield code="a">SYS</subfield><subfield code="c">20170123</subfield><subfield code="h">234226</subfield></datafield></record></collection>